@misc{choreography,
      author={Saverio Giallorenzo and Fabrizio Montesi and Marco Peressotti},
      title={Object-Oriented Choreographic Programming}, 
      year={2022},
      eprint={2005.09520},
      archivePrefix={arXiv},
      primaryClass={cs.PL}
}

@misc{choral,
      title = {choral},
      note = {\url{https://www.choral-lang.org/index.html}}
      }

@misc{mypy,
      title = {mypy},
      note = {\url{https://mypy.readthedocs.io/en/stable}}
      }